%docker in action
@book{alma9946882736704105,
author = "Nickoloff, Jeff",
address = "Shelter Island, NY",
booktitle = "Docker in Action",
isbn = "1-63343-023-5",
keywords = "Application software -- Development -- Automation",
language = "eng",
publisher = "Manning Publications",
title = "Docker in Action",
year = "2016",
ANNOTATE = "Mr. Nickoloff has been a Software Engineer working in web-development for 20 years. This book covers Docker, a containerization tool that lies at the root of the DevOps revolution. This book is a tutorial on Docker.",
}

%fix the case

%a) evaluate authors
%b)summarize scope and purpose of paper
%c)summarize central idea or findings
%d) compare to other works

%docker
@misc{docker, 
    title={Docker Documentation}, 
    url={https://docs.docker.com/}, 
    journal={Docker Documentation}, 
    year={2019}, 
    month=5,
    type={\bibcomputerprogrammanual},
    ANNOTATE="Docker is the world leader in containerization software. Docker is the building block of DevOps. This resource is the authoritative reference on Docker, where as Docker In Action is written to be user-friendly.",
}

%unified devops
@INPROCEEDINGS{7339039, 
author={A. {Wahaballa} and O. {Wahballa} and M. {Abdellatief} and H. {Xiong} and Z. {Qin}}, 
booktitle={2015 6th IEEE International Conference on Software Engineering and Service Science (ICSESS)}, 
title={Toward Unified DevOps Model}, 
year={2015}, 
volume={}, 
number={}, 
pages={211-214}, 
keywords={DP industry;software engineering;standardisation;unified DevOps model;DevOps community;software deployment;UDOM model;workflow execution model;standardization;Software;Data models;Testing;Organizations;Collaboration;Terminology;Industries;DevOps;conceptual deficit;Unified DevOps Model (UDOM)}, 
doi={10.1109/ICSESS.2015.7339039}, 
ISSN={2327-0594}, 
month=9,
ANNOTATE="A. Wahballa is a post doctorate fellow at the University of Electronic Science and Technology of China;s School of Information and Software Engineering. He, like O. Wahballa has a handful of publications on IEEE. This paper can help Clarify confusions companies have when working with a specific vendor's DevOps product as they'll already have a framework for understand DevOps. This paper will help build models.",
}


%DevOps and Microservices
@INPROCEEDINGS{8312518, 
author={M. {Waseem} and P. {Liang}}, 
booktitle={2017 24th Asia-Pacific Software Engineering Conference Workshops (APSECW)}, 
title={Microservices Architecture in DevOps}, 
year={2017},
pages={13-14}, 
keywords={software architecture;software development management;software maintenance;software prototyping;DevOps;microservices architecture;MSA;software engineering paradigms;Systematics;Computer architecture;Software engineering;Conferences;Architecture;Market research;Microservices Architecture;DevOps;Systematic Mapping Study}, 
doi={10.1109/APSECW.2017.18}, 
month=12,
ANNOTATE={P. Liang has 25 papers many related to DevOps and programmer collaboration. M.Waseem is relatively unpublished. Microservices is used in DevOps to limit the scope of a component of an IT archetecture. This enables collaboration and DevOps.},
}


%GitLab
@misc{gitlab,
    title={Introduction to CI/CD with GitLab}, 
    url={https://docs.gitlab.com/ee/ci/introduction/},
    journal={GitLab},
    ANNOTATE="GitLab is one of many DevOps-enabled software development products, but it is the best one, so I'll discuss it in the paper. Like the docker resource above, this website is mostly technical documentation so pulling from it may be hard.",
    publisher={GitLab},
}

%devops cambrian explosion
@ARTICLE{8314153, 
author={M. {Kersten}}, 
journal={IEEE Software}, 
title={A Cambrian Explosion of DevOps Tools}, 
year={2018}, 
volume={35}, 
number={2}, 
pages={14-17}, 
keywords={project management;software development management;resulting tool diversity;modern DevOps toolchain;Cambrian Explosion;value stream architecture;Software tools;Software development management;Task analysis;agile software development;DevOps;DevOps tools;value stream architecture;software development;software engineering}, 
doi={10.1109/MS.2018.1661330}, 
ISSN={0740-7459}, 
month=3,
ANNOTATE="Dr. Kersten is the Founder and CEO of Tasktop, he's been a PhD in Computer Science nearly 20 years ago now. This resource shows how new DevOps is, which shows why documentation is used."}


%documentation source
@inproceedings{Dagenais:2010:CED:1882291.1882312,
 author = "Dagenais, Barth'el'emy and Robillard, Martin P.",
 title = "Creating and Evolving Developer Documentation: Understanding the Decisions of Open Source Contributors",
 booktitle = "Proceedings of the Eighteenth ACM SIGSOFT International Symposium on Foundations of Software Engineering",
 series = "FSE '10",
 year = 2010,
 isbn = "978-1-60558-791-2",
 location = "Santa Fe, New Mexico, USA",
 pages = {127--136},
 numpages = 10,
 url = "http://doi.acm.org/10.1145/1882291.1882312",
 doi = "10.1145/1882291.1882312",
 acmid = 1882312,
 publisher = "ACM",
 address = "New York, NY, USA",
 keywords = "developer documentation; framework; grounded theory; open source projects; qualitative studies; software documentation",
 ANNOTATE="The authors of this paper are extremely prolific (Dagenais with 16 other papers on ACM and Robillard with 78). This resource informs the discussion on the importance of documentation and how to write good documentation.",
}