%peterson lock
@article{PETERSON1981115,
title = "Myths about the mutual exclusion problem",
journal = "Information Processing Letters",
volume = "12",
number = "3",
pages = "115 - 116",
year = 1981,
issn = "0020-0190",
doi = "https://doi.org/10.1016/0020-0190(81)90106-X",
url = "http://www.sciencedirect.com/science/article/pii/002001908190106X",
author = "G.L. Peterson",
keywords = "Parallelism, mutual exclusion",
}

%dijkstra's dining philosophers
@techreport{Dijkstra:1965:CSP:1102034,
 author = {Dijkstra, Edsger Wybe},
 title = {Cooperating Sequential Processes, Technical Report EWD-123},
 year = {1965},
}

%The art of multiprocessor programming
@book{alma9946946808004105,
author = {Herlihy, Maurice.},
address = {Burlington, MA :},
isbn = {0-12-370591-6},
publisher = {Morgan Kaufmann},
title = {The art of multiprocessor programming},
year = {2011},
}

%Amdahl's law
@inproceedings{Amdahl:1967:VSP:1465482.1465560,
 author = {Amdahl, Gene M.},
 title = {Validity of the Single Processor Approach to Achieving Large Scale Computing Capabilities},
 booktitle = {Proceedings of the April 18-20, 1967, Spring Joint Computer Conference},
 series = {AFIPS '67 (Spring)},
 year = {1967},
 location = {Atlantic City, New Jersey},
 pages = {483--485},
 numpages = {3},
 url = {http://doi.acm.org/10.1145/1465482.1465560},
 doi = {10.1145/1465482.1465560},
 acmid = {1465560},
 publisher = {ACM},
 address = {New York, NY, USA},
} 
% wikipedia article, https://en.wikipedia.org/wiki/Amdahl%27s_law
@misc{ wiki:xxx,
    author = {{Wikipedia contributors}},
    title = "Amdahl's law --- {W}ikipedia{,} The Free Encyclopedia",
    year = "2019",
    url = "https://en.wikipedia.org/w/index.php?title=Amdahl%27s_law&oldid=890132303",
    note = "[Online; accessed 16-April-2019]",
  }

%add annotations


@misc{ stack:xxx,
    author = {{djna}},
    title = "Thread isolation in Java -- Stackoverflow",
    year = "2019",
    url = "https://stackoverflow.com/questions/1288154/thread-isolation-in-java",
    note = "[Online; accessed 16-April-2019]",
  }